@book{Ramkrishna_2000,
  author =        {Doraiswami Ramkrishna},
  title =         {Population Balances: Theory and Applications to
                   Particulate Systems in Engineering},
  publisher =     {Academic Press},
  isbn =          {978-0-12-576970-9},
  doi =           {10.1016/B978-0-12-576970-9.X5000-0},
  year =          {2000}
}

@book{Marchisio_2013,
  author =        {Marchisio, Daniele L and Fox, Rodney O},
  publisher =     {Cambridge University Press},
  title =         {Computational Models for Polydisperse Particulate and
                   Multiphase Systems},
  year =          {2013},
  doi =           {10.1017/CBO9781139016599}
}

@article{McGraw_1997,
  author =        {Robert McGraw},
  journal =       {Aerosol Sci. Tech.},
  number =        {2},
  pages =         {255--265},
  publisher =     {Taylor \& Francis},
  title =         {Description of aerosol dynamics by the quadrature
                   method of moments},
  volume =        {27},
  year =          {1997},
  doi =           {10.1080/02786829708965471},
}

@article{Marchisio_2005,
  author =        {Daniele L. Marchisio and Rodney O. Fox},
  journal =       {J. Aerosol Sci.},
  number =        {1},
  pages =         {43--73},
  title =         {Solution of population balance equations using the
                   direct quadrature method of moments},
  volume =        {36},
  year =          {2005},
  doi =           {10.1016/j.jaerosci.2004.07.009},
  issn =          {0021-8502},
}

@article{Yuan_2012,
  author =        {C. Yuan and F. Laurent and R.O. Fox},
  journal =       {J. Aerosol Sci.},
  number =        {0},
  pages =         {1--23},
  title =         {An extended quadrature method of moments for
                   population balance equations},
  volume =        {51},
  year =          {2012},
  doi =           {10.1016/j.jaerosci.2012.04.003},
  issn =          {0021-8502},
}

@article{Yuan_2011,
  author =        {C. Yuan and R.O. Fox},
  journal =       {J. Comput. Phys.},
  number =        {22},
  pages =         {8216--8246},
  title =         {Conditional quadrature method of moments for kinetic
                   equations},
  volume =        {230},
  year =          {2011},
  doi =           {10.1016/j.jcp.2011.07.020},
  issn =          {0021-9991},
}

@article{Liao_2009,
  author =        {Liao, Yixiang and Lucas, Dirk},
  journal =       {Chem. Eng. Sci.},
  month =         {Aug},
  number =        {15},
  pages =         {3389--3406},
  title =         {A literature review of theoretical models for drop
                   and bubble breakup in turbulent dispersions},
  volume =        {64},
  year =          {2009},
  doi =           {10.1016/j.ces.2009.04.026},
}

@article{Liao_2010,
  author =        {Liao, Yixiang and Lucas, Dirk},
  journal =       {Chem. Eng. Sci.},
  month =         {May},
  number =        {10},
  pages =         {2851--2864},
  title =         {A literature review on mechanisms and models for the
                   coalescence process of fluid particles},
  volume =        {65},
  year =          {2010},
  doi =           {10.1016/j.ces.2010.02.020},
}

@article{Li_2017,
  author =        {Li, Dongyue and Gao, Zhengming and Buffo, Antonio and
                   Podgorska, Wioletta and Marchisio, Daniele L},
  journal =       {AIChE J.},
  number =        {6},
  pages =         {2293--2311},
  publisher =     {Wiley Online Library},
  title =         {Droplet breakage and coalescence in liquid--liquid
                   dispersions: Comparison of different kernels with
                   {EQMOM} and {QMOM}},
  volume =        {63},
  year =          {2017},
  doi =           {10.1002/aic.15557}
}

@article{Vikas_2011,
  author =        {Vikas, V and Wang, Zhi Jian and Passalacqua, Alberto and
                   Fox, Rodney O},
  journal =       {J. Comput. Phys.},
  number =        {13},
  pages =         {5328--5352},
  publisher =     {Elsevier},
  title =         {Realizable high-order finite-volume schemes for
                   quadrature-based moment methods},
  volume =        {230},
  year =          {2011},
  doi =           {10.1016/j.jcp.2011.03.038},
}

@article{Vikas_2013,
  author =        {Vikas, V and Wang, Z J and Fox, R O},
  journal =       {J. Comput. Phys.},
  month =         {Sep},
  pages =         {162--179},
  title =         {Realizable high-order finite-volume schemes for
                   quadrature-based moment methods applied to diffusion
                   population balance equations},
  volume =        {249},
  year =          {2013},
  doi =           {10.1016/j.jcp.2013.05.002},
}

@book{Gautschi_2004,
  author =        {Gautschi, W.},
  publisher =     {Oxford University Press},
  series =        {Numerical mathematics and scientific computation},
  title =         {Orthogonal Polynomials: Computation and
                   Approximation},
  year =          {2004},
  isbn =          {9780198506720},
  doi =           {10.1093/oso/9780198506720.001.0001},
}

@article{Gordon_1968,
  author =        {Gordon, Roy G},
  journal =       {J. Math. Phys.},
  number =        {5},
  pages =         {655--663},
  publisher =     {AIP},
  title =         {Error bounds in equilibrium statistical mechanics},
  volume =        {9},
  year =          {1968},
  doi =           {10.1063/1.1664624},
}

@article{Wheeler_1974,
  author =        {Wheeler, John C.},
  journal =       {Rocky Mt. J. Math.},
  month =         {06},
  number =        {2},
  pages =         {287--296},
  publisher =     {Rocky Mountain Mathematics Consortium},
  title =         {Modified moments and Gaussian quadratures},
  volume =        {4},
  year =          {1974},
  doi =           {10.1216/RMJ-1974-4-2-287},
}

@article{Sack_1971,
  author =        {Sack, RA and Donovan, AF},
  journal =       {Numer. Math.},
  number =        {5},
  pages =         {465--478},
  publisher =     {Springer},
  title =         {An algorithm for Gaussian quadrature given modified
                   moments},
  volume =        {18},
  year =          {1971},
  doi =           {10.1007/BF01406683},
}

@book{Wilf_1962,
  author =        {Wilf, H.S.},
  publisher =     {John Wiley and Sons},
  title =         {Mathematics for the {P}hysical {S}ciences},
  year =          {1962},
}

@book{Dette_1997,
  title={The {T}heory of {C}anonical {M}oments with {A}pplications in {S}tatistics, {P}robability, and {A}nalysis},
  author={Dette, Holger and Studden, William J},
  year={1997},
  publisher={John Wiley \& Sons}
}

@article{Pigou_2018,
  author =        {Pigou, Maxime and Morchain, J{\'e}r{\^o}me and
                   Fede, Pascal and Penet, Marie-Isabelle and
                   Laronze, Geoffrey},
  journal =       {J. Comput. Phys.},
  pages =         {243--268},
  publisher =     {Elsevier},
  title =         {New developments of the Extended Quadrature Method of
                   Moments to solve Population Balance Equations},
  volume =        {365},
  year =          {2018},
  doi =           {10.1016/j.jcp.2018.03.027},
}

@book{Chihara_1978,
  author =        {Chihara, T.S.},
  publisher =     {Gordon and Breach},
  title =         {An Introduction to Orthogonal Polynomials},
  year =          {1978},
  isbn =          {9780677041506},
}

@book{Shohat_1943,
  author =        {Shohat, J.A. and Tamarkin, J.D},
  publisher =     {American Mathematical Soc.},
  title =         {The Problem of Moments},
  year =          {1943},
  isbn =          {9780821815014},
}

@book{Gardiner_1985,
  author =        {Gardiner, C.W.},
  edition =       {2},
  publisher =     {Springer},
  title =         {Handbook of Stochastic Methods for Physics,
                   Chemistry, and the Natural Sciences},
  year =          {1985},
  isbn =          {9780387113579},
}

@book{Risken_1989,
  author =        {Risken, H.},
  publisher =     {Springer},
  title =         {The Fokker-Planck Equation: Methods of Solution and
                   Applications Second Edition},
  year =          {1989},
  edition =       {2},
  doi =           {10.1007/978-3-642-61544-3},
}

@book{Abramowitz_1972,
  edition =       {Tenth Printing},
  editor =        {Abramowitz, Milton and Stegun, Irene A.},
  publisher =     {U.S. Government Printing Office},
  title =         {Handbook of Mathematical Functions with Formulas,
                   Graphs, and Mathematical Tables},
  year =          {1972},
}

@article{Laurie_1996,
  author =        {Laurie, Dirk},
  journal =       {Math. Comput.},
  number =        {214},
  pages =         {739--747},
  title =         {Anti-{G}aussian quadrature formulas},
  volume =        {65},
  year =          {1996},
  doi =           {10.1090/S0025-5718-96-00713-2},
}

@article{Shu_1988,
  author =        {Shu, Chi-Wang and Osher, Stanley},
  journal =       {J. Comput. Phys.},
  month =         {Aug},
  number =        {2},
  pages =         {439â€“471},
  title =         {Efficient implementation of essentially
                   non-oscillatory shock-capturing schemes},
  volume =        {77},
  year =          {1988},
  doi =           {10.1016/0021-9991(88)90177-5},
}

@article{Massot_2010,
  author =        {Marc Massot and Frederique Laurent and Damien Kah and
                   Stephane de Chaisemartin},
  journal =       {SIAM J. Appl. Math.},
  pages =         {3203--3234},
  title =         {A robust Moment Method for Evaluation of the
                   Disappearance Rate of Evaporating Sprays},
  year =          {2010},
  volume =        {70},
  issue =         {8},
  doi =           {10.1137/080740027},
}

@book{Hairer_1993,
  author =        {Hairer, Ernst and N{\o}rsett, Syvert P and
                   Wanner, Gerhard},
  publisher =     {Springer},
  title =         {Solving ordinary differential equations. 1, Nonstiff
                   problems},
  year =          {1993},
  doi =           {10.1007/978-3-540-78862-1},
}

@book{Forbes_2011,
  author =        {Forbes, Catherine and Evans, Merran and
                   Hastings, Nicholas and Peacock, Brian},
  publisher =     {John Wiley \& Sons},
  title =         {Statistical Distributions},
  year =          {2011},
  edition =       {4},
  doi =           {10.1002/9780470627242},
}

@article{John_2012,
title={On the efficiency and robustness of the core routine of the quadrature method of moments ({QMOM})}, 
volume={75}, 
doi={10.1016/j.ces.2012.03.024}, 
journal={Chem. Eng. Sci.}, 
author={John, Volker and Thein, Ferdinand}, 
year={2012}, 
month={Jun}, 
pages={327--333},
issn={0009-2509}
}

@article{Puetz_2022,
    title={A Gauss/anti-Gauss quadrature method of moments applied to population balance equations with turbulence-induced nonlinear phase-space diffusion},
    volume={466},
    doi={10.1016/j.jcp.2022.111363},
    journal={J. Comput. Phys.},
    author={Puetz, Michele and Pollack, Martin and Hasse, Christian and Oevermann, Michael},
    year={2022},
    pages={111363},
    issn={0021-9991}
}

@article{Golub_1969,
  author = {Golub, Gene H. and Welsch, John H.},
  doi = {10.1090/s0025-5718-69-99647-1},
  file = {:Article/Golub1969 - Calculation of Gauss Quadrature Rules.pdf:PDF},
  journal = {Math. Comput.},
  keywords = {imported},
  number={106},
  pages = {221--221},
  publisher = {American Mathematical Society ({AMS})},
  title = {Calculation of Gauss quadrature rules},
  volume ={23},
  year={1969}
}

@article{Willink_2003,
    author={R. Willink},
    title={Relationships Between Central Moments and Cumulants, with Formulae for the Central Moments of Gamma Distributions},
    journal={Commun. Stat. - Theory Methods},
    issn={0361-0926},
    volume={32},
    number={4},
    pages={701-704},
    year ={2003},
    publisher={Taylor \& Francis},
    doi={10.1081/STA-120018823},
}

@article{Winkelbauer_2012,
  title={Moments and absolute moments of the normal distribution},
  author={Winkelbauer, Andreas},
  journal={arXiv preprint arXiv:1209.4340},
  year={2012},
  doi={10.48550/arXiv.1209.4340}
}

@inproceedings{Chalons_2010,
  title={A multi-Gaussian quadrature method of moments for gas-particle flows in a LES framework},
  author={Chalons, C and Fox, RO and Massot, M},
  booktitle={Proceedings of the Summer Program},
  pages={347--358},
  year={2010},
  organization={Center for Turbulence Research}
}

@article{Simon_1998,
title = {The Classical Moment Problem as a Self-Adjoint Finite Difference Operator},
journal = {Adv. Math.},
volume = {137},
number = {1},
pages = {82-203},
year = {1998},
issn = {0001-8708},
doi = {10.1006/aima.1998.1728},
author = {Barry Simon}
}

@article{Dette_2016, 
    title={Hankel determinants of random moment sequences}, 
    doi={10.1007/s10959-016-0699-z}, 
    journal={J. Theor. Probab.}, 
    author={Dette, Holger and Tomecki, Dominik}, 
    year={2016},
    issn={1572-9230}
}

@article{Dette_2012, 
    title={Distributions on unbounded moment spaces and random moment sequences}, 
    volume={40}, 
    doi={10.1214/11-AOP693}, 
    number={6}, 
    journal={Ann. Prob.}, 
    issn={0091-1798},
    author={Dette, Holger and Nagel, Jan}, 
    year={2012}
}
